<record><leader>00000cas a22000007i 4500</leader><controlfield tag="001">830283882</controlfield><controlfield tag="008">130318c20129999txubr ne      |   a0rus  </controlfield><datafield ind1=" " ind2=" " tag="010"><subfield code="a">  2013200252</subfield></datafield><datafield ind1=" " ind2=" " tag="040"><subfield code="a">DLC</subfield><subfield code="b">eng</subfield><subfield code="e">rda</subfield><subfield code="c">DLC</subfield><subfield code="d">DLC</subfield><subfield code="d">OCLCQ</subfield></datafield><datafield ind1=" " ind2=" " tag="012"><subfield code="l">1</subfield></datafield><datafield ind1="0" ind2=" " tag="022"><subfield code="a">2327-3852</subfield><subfield code="2">1</subfield></datafield><datafield ind1=" " ind2=" " tag="037"><subfield code="b">Genesis Press, Box 764973, Dallas, TX 75376</subfield></datafield><datafield ind1=" " ind2=" " tag="042"><subfield code="a">nsdp</subfield><subfield code="a">pcc</subfield></datafield><datafield ind1=" " ind2=" " tag="043"><subfield code="a">n-us-tx</subfield></datafield><datafield ind1="1" ind2="0" tag="050"><subfield code="a">ISSN RECORD</subfield></datafield><datafield ind1="0" ind2="0" tag="082"><subfield code="a">917.64</subfield><subfield code="2">23</subfield></datafield><datafield ind1=" " ind2="4" tag="222"><subfield code="a">The Dallas telegraph</subfield></datafield><datafield ind1="0" ind2="4" tag="245"><subfield code="a">The Dallas telegraph.</subfield></datafield><datafield ind1=" " ind2="1" tag="264"><subfield code="a">Dallas, TX :</subfield><subfield code="b">Genesis Press,</subfield><subfield code="c">2012-</subfield></datafield><datafield ind1=" " ind2=" " tag="310"><subfield code="a">Biweekly</subfield></datafield><datafield ind1=" " ind2=" " tag="336"><subfield code="a">text</subfield><subfield code="b">txt</subfield><subfield code="2">rdacontent</subfield></datafield><datafield ind1=" " ind2=" " tag="337"><subfield code="a">unmediated</subfield><subfield code="b">n</subfield><subfield code="2">rdamedia</subfield></datafield><datafield ind1=" " ind2=" " tag="338"><subfield code="a">volume</subfield><subfield code="b">nc</subfield><subfield code="2">rdacarrier</subfield></datafield><datafield ind1="1" ind2=" " tag="362"><subfield code="a">Began with issue for: Nov. 23, 2012.</subfield></datafield><datafield ind1=" " ind2=" " tag="500"><subfield code="a">"Russian-Ukranian-English publication of North Texas."</subfield></datafield><datafield ind1=" " ind2=" " tag="588"><subfield code="a">Description based on: Nov. 23, 2012; title from caption.</subfield></datafield><datafield ind1=" " ind2=" " tag="588"><subfield code="a">Latest issue consulted: Dec. 21, 2012.</subfield></datafield><datafield ind1=" " ind2=" " tag="752"><subfield code="a">United States</subfield><subfield code="b">Texas</subfield><subfield code="d">Dallas.</subfield></datafield><datafield ind1="0" ind2="8" tag="776"><subfield code="i">Online version:</subfield><subfield code="t">Dallas telegraph</subfield><subfield code="x">2327-3860</subfield><subfield code="w">(DLC)  2013200253</subfield><subfield code="w">(OCoLC)830293151</subfield></datafield><datafield ind1="4" ind2="1" tag="856"><subfield code="u">http://www.dallastelegraph.com/</subfield></datafield></record>